%
%  An example of a bibliographical database in BibTeX format,
%  which is used by biblatex to create the list of referenced works.
%
%  Academic search engines and software for maintenance of bibliography
%  often supports exporting records in BibTeX format. We recommend:
%
%    - Google Scholar (https://scholar.google.com/)
%    - JabRef (https://www.jabref.org/)
%    - zoterobib (https://zbib.org/)
%
%  BEWARE:
%
%    *  If a name contains a capital letter, which must be kept such,
%       use curly brackets ({T}hailand, {HIV}).
%
%  ===========================================================================

@ONLINE{ZpravodajPID2024,
  title = {Zpravodaj 01/2024},
  author = {{Pražská integrovaná doprava}},
  year = {2024},
  url = {https://pid.cz/wp-content/uploads/ke-stazeni/zpravodaj/Info_PID_2024-01.pdf},
  urldate = {2024-04-13},
}

@ONLINE{pidopendata,
    title = {{PID Opendata}},
    author = {ROPID},
    year = {2024},
    url = {https://pid.cz/en/opendata/},
    urldate = {2024-12-17}
}


@misc{statista_mobile_os,
  author       = "Ahmed Sherif",
  title        = "{Market share of mobile operating systems in Czechia from 2010 to 2023}",
  year         = 2024,
  month = oct,
  publisher    = "Statista",
  url          = "https://www.statista.com/statistics/669587/market-share-mobile-operating-systems-czech-republic/",
  note         = "Accessed: 2024-12-02"
}

@ONLINE{gtfs2024,
  author       = {{General Transit Feed Specification}},
  title        = {General Transit Feed Specification (GTFS)},
  year         = {2024},
  url          = {https://gtfs.org},
  urldate      = {2024-12-16}
}

@ONLINE{gbfs2024,
    author = {{Mobility Data}},
    title = {General Bikeshare Feed Specification (GBFS)},
    year = {2024},
    url = {https://gbfs.org/specification/reference/},
    urldate = {2024-12-17}
}

@ONLINE{mapyczapi,
    author = {{Seznam.cz, a.s.}},
    title = {REST API Mapy.cz},
    year = {2024},
    url = {https://developer.mapy.cz/en/rest-api-mapy-cz/},
    urldate = {2024-12-17}
}

@ONLINE{protobuf2024,
    author = {{Google LLC}},
    title = {Protocol Buffers},
    year = {2024},
    url = {https://protobuf.dev/},
    urldate = {2024-12-17}
}


@article{pereira2023gtfs,
  title={Exploring the time geography of public transport networks with the gtfs2gps package},
  author={Pereira, Rafael HM and Andrade, Pedro R and Vieira, Jo{\~a}o Pedro Bazzo},
  journal={Journal of Geographical Systems},
  volume={25},
  number={3},
  pages={453--466},
  year={2023},
  publisher={Springer}
}

@article{delling2015raptor,
  title={Round-based public transit routing},
  author={Delling, Daniel and Pajor, Thomas and Werneck, Renato F},
  journal={Transportation Science},
  volume={49},
  number={3},
  pages={591--604},
  year={2015},
  publisher={INFORMS}
}

@book{mares2017pruvodce,
  title={Pr{\uu}vodce labyrintem algoritm{\uu}},
  author={Mare{\v{s}}, Martin and Valla, Tom{\'a}{\v{s}}},
  year={2017},
  publisher={CZ. NIC}
}